@online{1,
	language = "russian",
	title    = "AES [Электронный ресурс]",
	note     = "URL: \url{https://ru.wikipedia.org/wiki/AES_(стандарт_шифрования)} (дата обращения: 19.10.2023)"
}
