@misc{eddy2022rfc,
  title={RFC 9293: Transmission Control Protocol (TCP)},
  author={Eddy, W},
  year={2022},
  publisher={RFC Editor}
}

@misc{fielding2022rfc,
  title={RFC 9110: HTTP Semantics},
  author={Fielding, R and Nottingham, M and Reschke, J},
  year={2022},
  publisher={RFC Editor}
}

@article{елизаров2021автоматизированная,
  title={АВТОМАТИЗИРОВАННАЯ СИСТЕМА ОБРАБОТКИ СТАТИЧЕСКИХ ФАЙЛОВ},
  author={Елизаров, Олег Олегович},
  journal={Инновации. Наука. Образование},
  number={34},
  pages={1423--1435},
  year={2021},
  publisher={Индивидуальный предприниматель Зоркин Владимир Анатольевич}
}

@article{intro,
	title={Обзор различных WEB-серверов},
	author={Рылёва, А А and Мелузов, О В},
	journal={Форум молодых ученых},
	number={12-3 (28)},
	pages={1072--1081},
	year={2018},
	publisher={Институт управления и социально-экономического развития}
}

@online{ryaznu,
	language = "russian",
	title    = "\textit{Рязанова~Н.~Ю.}, Конспект курса лекций «Операционные системы» МГТУ им. Н~.Э.~Баумана, 2022~---~2023~гг."
}

@online{tikh,
	language = "russian",
	title    = "\textit{Тихомирова~Е.~А.}, Конспект курса лекций «Компьютерные сети» МГТУ им. Н~.Э.~Баумана, 2023~---~2024~гг."
}

@book{dejonghe2020nginx,
  title={Nginx CookBook},
  author={DeJonghe, Derek},
  year={2020},
  publisher={O'Reilly Media}
}

@inproceedings{han2022web,
  title={A web server optimization based on thread pool and epoll},
  author={Han, Zhenhong and Ju, Junxiu and Zhang, Yiyan},
  booktitle={International Conference on Automation Control, Algorithm, and Intelligent Bionics (ACAIB 2022)},
  volume={12253},
  pages={76--83},
  year={2022},
  organization={SPIE}
}

@online{manual,
	language = "english",
	title    = "epoll manual"
}

@article{ryazanov,
	title={НТТР сервер с использованием пула потоков},
	author={Рязанов, Олег Юрьевич and Федотов, Евгений Александрович and Поляков, Владимир Михайлович},
	year={2017}
}

@inproceedings{http,
	title={Исследование протокола HTTP},
	author={Черненко, ДВ and Гниденко, АК and Панкевич, ДС},
	booktitle={Материалы докладов в 53-й международной научно-технической конференции преподавателей и студентов},
	pages={32--33},
	year={2020}
}

@article{tcp,
  title={Протоколы транспортного уровня UDP, TCP и SCTP: достоинства и недостатки},
  author={Лейкин, А},
  journal={Первая миля},
  volume={38},
  number={5},
  pages={62--69},
  year={2013},
  publisher={Акционерное общество Рекламно-издательский центр ТЕХНОСФЕРА}
}

@online{docker,
 language = "english",
 title    = "Docker [Электронный ресурс]. Режим доступа: https://docker.com (дата обращения: 10.12.2023)"
}

@misc{macbook,
  title="MacBook Air with M2 chip~---~технические характеристики [Электронный ресурс]",
  howpublished="Режим доступа: \url{https://www.apple.com/macbook-air-13-and-15-m2} (дата обращения: 27.04.2023)"
}

@book{dejonghe2020nginx,
  title={Nginx CookBook},
  author={DeJonghe, Derek},
  year={2020},
  publisher={O'Reilly Media}
}
