@article{bib1,
  title={Развитие интернет-торговли в России в условиях цифровизации},
  author={Кудинова, МГ and Сурай, НМ and Елистратова, ТГ and Уварова, ЕВ},
  journal={Инновации и инвестиции},
  number={4},
  pages={238--243},
  year={2022},
  publisher={Общество с ограниченной ответственностью {\guillemotleft}Русайнс{\guillemotright}}
}

@misc{bib2,
  title="DataReportal. Digital 2022 Global Digital Overview [Электронный ресурс]",
  howpublished="Режим доступа: \url{https://datareportal.com/reports/digital-2022-global-overview-report} (дата обращения: 13.03.2023)"
}

@misc{bib3,
  title="Ассоциация компаний интернет-торговли (АКИТ). Сводные аналитические данные [Электронный ресурс]",
  howpublished="Режим доступа: \url{http://www.akit.ru/analytics/analyt-data} (дата обращения: 13.03.2023)"
}

@article{bib4,
  title={Форматы и преимущества рекламы в сети Интернет},
  author={Чернявская, Евгения Юрьевна},
  journal={Вестник Белгородского университета кооперации, экономики и права},
  number={2},
  pages={375--378},
  year={2013},
  publisher={Автономная некоммерческая организация высшего образования" Белгородский~…}
}

@article{bib5,
  title={Персонализация как неотъемлемый аспект деятельности современной организации},
  author={Плеханов, Сергей Викторович and Прытков, Алексей Николаевич and Бабаев, Сергей Эдуардович},
  journal={Парадигмы управления, экономики и права},
  number={1 (3)},
  pages={49},
  year={2020}
}

@article{bib6,
  title={Федеральный закон от 13.03.2006 N 38-ФЗ (ред. от 05.12.2022) "О рекламе"},
  number={Ст.18 (1 ч.)},
  year={2022}
}

@article{bib7,
  title={Федеральный закон от 07.07.2003 N 126-ФЗ (последняя редакция) "О связи"},
  number={Ст.2},
  year={2003}
}

@article{bib8,
  title={Постановление Пленума ВАС РФ от 08.10.2012 N 58 "О некоторых вопросах практики применения арбитражными судами Федерального закона "О рекламе"},
  number={П.15},
  year={2012}
}

@article{bib9,
  title={Digital-реклама: запретить нельзя узаконить},
  author={Акимова, Ирина and Гаспарян, Эдгар},
  journal={Конкуренция и право},
  volume={6},
  pages={30},
  year={2016}
}

@misc{bib10,
  title="Unisender. О нас [Электронный ресурс]",
  howpublished="Режим доступа: \url{https://www.unisender.com/ru/about/} (дата обращения: 13.03.2023)"
}

@misc{bib11,
  title="Mindbox. О компании [Электронный ресурс]",
  howpublished="Режим доступа: \url{https://mindbox.ru/company/} (дата обращения: 13.03.2023)"
}

@misc{bib12,
  title="Статистика Sendsay [Электронный ресурс]",
  howpublished="Режим доступа: \url{https://sendsay.ru/clients} (дата обращения: 13.03.2023)"
}

@article{bib13,
  title={Цифровая экономика= модели данных+ большие данные+ архитектура+ приложения?},
  author={Куприяновский, ВП and Уткин, НА and Намиот, ДЕ and Куприяновский, ПВ},
  journal={International journal of open information technologies},
  volume={4},
  number={5},
  pages={1--13},
  year={2016},
  publisher={Лаборатория Открытых Информационных Технологий факультета ВМК МГУ им. МВ~…}
}

@article{bib14,
  title={Система управления файл-серверными базами данных},
  author={Дынер, АВ},
  journal={Труды молодых ученых Алтайского государственного университета},
  number={7},
  pages={119--120},
  year={2010},
  publisher={федеральное государственное бюджетное образовательное учреждение высшего~…}
}

@article{bib15,
  title={Базы данных},
  author={Диго, СМ},
  journal={Проектирование и создание. Учебно-методический комплекс. М.: Изд. Центр УАОИ},
  year={2008}
}

@inproceedings{bib16,
  title={Разработка клиент-серверной СУБД},
  author={Соколов, Ярослав Алексеевич},
  booktitle={Старт в науку: актуальные вопросы техники и технологий},
  pages={17--24},
  year={2019}
}

@article{bib17,
  title={Реализация шифрования данных во встраиваемой СУБД EJDB},
  author={Копытов, Алексей Валерьевич and Адаманский, Антон Валентинович},
  journal={Вестник Новосибирского государственного университета. Серия: Информационные технологии},
  volume={12},
  number={2},
  pages={48--54},
  year={2014},
  publisher={Федеральное государственное автономное образовательное учреждение высшего~…}
}

@article{bib18,
  title={Преимущества использования колоночных СУБД в системах бизнес-аналитики},
  author={Попов, ИИ and Сахнов, ГА},
  journal={Научные труды Вольного экономического общества России},
  volume={164},
  pages={339--345},
  year={2012},
  publisher={Общественная организация {\guillemotleft}Вольное экономическое общество России{\guillemotright}}
}

@article{bib19,
  title={К задаче составления запросов к базам данных на естественном языке},
  author={Бородин, ДС and Строганов, ЮВ},
  journal={Новые информационные технологии в автоматизированных системах},
  number={19},
  pages={119--126},
  year={2016},
  publisher={Федеральное государственное автономное образовательное учреждение высшего~…}
}

@article{bib20,
  title={МОДЕЛИ БАЗ ДАННЫХ},
  author={Корягин, ДА},
  journal={Аллея науки},
  volume={1},
  number={5},
  pages={985--988},
  year={2020},
  publisher={ИП Шелистов Денис Александрович (Издательский центр "Quantum")}
}

@article{bib21,
  title={PostgreSQL: a comprehensive guide to building, programming, and administering PostgresSQL databases},
  author={Douglas, Korry and Douglas, Susan},
  year={2003},
  publisher={SAMS publishing}
}

@misc{bib22,
  title="Отличительные возможности ClickHouse [Электронный ресурс]",
  howpublished="Режим доступа: \url{https://clickhouse.com/docs/ru/introduction/distinctive-features} (дата обращения: 13.05.2023)"
}

@misc{bib23,
  title="Apache Kafka documentation [Электронный ресурс]",
  howpublished="Режим доступа: \url{https://kafka.apache.org/documentation/} (дата обращения: 13.05.2023)"
}

@misc{bib24,
  title="Документация по языку программирования Go [Электронный ресурс]",
  howpublished="Режим доступа: \url{https://go.dev/doc/} (дата обращения: 13.05.2023)"
}

@misc{bib25,
  title="Документация пакета snet/http языка Go [Электронный ресурс]",
  howpublished="Режим доступа: \url{https://pkg.go.dev/net/http} (дата обращения: 13.05.2023)"
}

@misc{bib26,
  title="Документация библиотеки GORM для Golang [Электронный ресурс]",
  howpublished="Режим доступа: \url{https://gorm.io/docs/} (дата обращения: 13.05.2023)"
}

@misc{bib27,
  title="Документация библиотеки bcrypt для Golang [Электронный ресурс]",
  howpublished="Режим доступа: \url{https://pkg.go.dev/golang.org/x/crypto/bcrypt} (дата обращения: 15.04.2023)"
}

@misc{bib28,
  title="Документация библиотеки jwt-go для Golang [Электронный ресурс]",
  howpublished="Режим доступа: \url{https://pkg.go.dev/github.com/golang-jwt/jwt} (дата обращения: 15.04.2023)"
}

@misc{bib29,
  title="Документация движка Kafka ClickHouse [Электронный ресурс]",
  howpublished="Режим доступа: \url{https://clickhouse.com/docs/ru/engines/table-engines/integrations/kafka} (дата обращения: 15.04.2023)"
}

@misc{bib30,
  title="Документация движка Merge Tree ClickHouse [Электронный ресурс]",
  howpublished="Режим доступа: \url{https://clickhouse.com/docs/ru/engines/table-engines/mergetree-family/mergetree} (дата обращения: 15.04.2023)"
}

@misc{bib31,
  title="Руководство по использованию Vue.js [Электронный ресурс]",
  howpublished="Режим доступа: \url{https://ru.vuejs.org/v2/guide/} (дата обращения: 15.04.2023)"
}

@misc{bib32,
  title="Сравнение популярных фреймворков с Vue.js [Электронный ресурс]",
  howpublished="Режим доступа: \url{https://ru.vuejs.org/v2/guide/comparison.html} (дата обращения: 15.04.2023)"
}

@misc{bib33,
  title="Документация по Swagger [Электронный ресурс]",
  howpublished="Режим доступа: \url{https://swagger.io} (дата обращения: 15.04.2023)"
}

@misc{bib34,
  title="Документация по OpenAPI Generator [Электронный ресурс]",
  howpublished="Режим доступа: \url{https://openapi-generator.tech} (дата обращения: 15.04.2023)"
}

@misc{bib35,
  title="Документация по Brevo [Электронный ресурс]",
  howpublished="Режим доступа: \url{https://www.brevo.com/?tap_a=30591-fb13f0&tap_s=267844-e77da3} (дата обращения: 15.04.2023)"
}

@misc{bib36,
  title="Документация по Vuex [Электронный ресурс]",
  howpublished="Режим доступа: \url{https://vuex.vuejs.org} (дата обращения: 15.04.2023)"
}

@misc{bib37,
  title="Сервис по аренде виртуальных серверов [Электронный ресурс]",
  howpublished="Режим доступа: \url{https://timeweb.cloud} (дата обращения: 15.04.2023)"
}

@misc{bib38,
  title="Интеграция Kafka с ClickHouse [Электронный ресурс]",
  howpublished="Режим доступа: \url{https://clickhouse.com/docs/ru/engines/table-engines/integrations/kafka} (дата обращения: 15.04.2023)"
}

@misc{bib39,
  title="Документация по JWT-токенам [Электронный ресурс]",
  howpublished="Режим доступа: \url{https://jwt.io} (дата обращения: 15.04.2023)"
}

@misc{bib40,
  title="Документация Docker [Электронный ресурс]",
  howpublished="Режим доступа: \url{https://docs.docker.com} (дата обращения: 13.05.2023)"
}

@article{bib41,
  title={Базы данных. Учебное пособие},
  author={Карпова~И.~П.},
  year={2009},
  publisher={Московский государственный институт электроники и математики (Технический университет)}
}

@article{bib42,
  title={Аутентификация и авторизация},
  author={Иванов, Вадим Вадимович and Лубова, Елена Сергеевна and Черкасов, Денис Юрьевич},
  journal={Проблемы современной науки и образования},
  number={2 (84)},
  pages={31--33},
  year={2017},
  publisher={ООО {\guillemotleft}Олимп{\guillemotright}}
}

@misc{bib43,
  title="What is a message broker? [Электронный ресурс]",
  howpublished="Режим доступа: \url{https://www.ibm.com/topics/message-brokers} (дата обращения: 13.05.2023)"
}

@inproceedings{bib44,
  title={Performance prediction for the apache kafka messaging system},
  author={Wu, Han and Shang, Zhihao and Wolter, Katinka},
  booktitle={2019 IEEE 21st International Conference on High Performance Computing and Communications; IEEE 17th International Conference on Smart City; IEEE 5th International Conference on Data Science and Systems (HPCC/SmartCity/DSS)},
  pages={154--161},
  year={2019},
  organization={IEEE}
}

@misc{bib45,
  title="Движки таблиц ClickHouse [Электронный ресурс]",
  howpublished="Режим доступа: \url{https://clickhouse.com/docs/ru/engines/table-engines} (дата обращения: 13.05.2023)"
}















