@article{bib1,
    author = {Зацарин Е. А., Головин А. В., Ульби Т. В.},
	title="Распознавание музыкальных фрагментов, подходы и нюансы",
	journal = "Актуальные научные исследования в современном мире.",
	year = 2021,
	number = 4-3,
	pages = 45--48
}

@inproceedings{bib2,
  title={Rhythm map: Extraction of unit rhythmic patterns and analysis of rhythmic structure from music acoustic signals},
  author={Tsunoo, Emiru and Ono, Nobutaka and Sagayama, Shigeki},
  booktitle={2009 IEEE International Conference on Acoustics, Speech and Signal Processing},
  pages={185--188},
  year={2009},
  organization={IEEE}
}

@article{bib3,
  title={Algorithmic, geometric, and combinatorial problems in computational music theory},
  author={Toussaint, Godfried T},
  journal={Proceedings of X Encuentros de Geometria Computacional},
  pages={101--107},
  year={2003},
  publisher={Citeseer}
}

@inproceedings{bib4,
  title={Polyphonic music transcription using note event modeling},
  author={Ryynanen, Matti P and Klapuri, Anssi},
  booktitle={IEEE Workshop on Applications of Signal Processing to Audio and Acoustics, 2005.},
  pages={319--322},
  year={2005},
  organization={IEEE}
}

@article{bib5,
  title={A shift-invariant latent variable model for automatic music transcription},
  author={Benetos, Emmanouil and Dixon, Simon},
  journal={Computer Music Journal},
  volume={36},
  number={4},
  pages={81--94},
  year={2012},
  publisher={MIT Press 55 Hayward St., Cambridge, MA 02142-1315, USA journals-info@ mit. edu}
}

@article{bib6,
  title={Shift-invariant probabilistic latent component analysis},
  author={Smaragdis, Paris and Raj, Bhiksha},
  journal={Journal of Machine Learning Research},
  volume={5},
  year={2007}
}

@article{bib7,
  title={A connectionist approach to automatic transcription of polyphonic piano music},
  author={Marolt, Matija},
  journal={IEEE Transactions on Multimedia},
  volume={6},
  number={3},
  pages={439--449},
  year={2004},
  publisher={IEEE}
}

@inproceedings{bib8,
  title={Определение моментов начала нот (онсетов) при анализе музыкальных произведений},
  author={Андреенко, СА},
  booktitle={Сборник докладов Всероссийской конференции Математические методы распознавания образов-13 (ММРО-13).—Макс Пресс Москва},
  pages={277--279},
  year={2007}
}

@inproceedings{bib9,
  title={Automated Rhythm Transcription.},
  author={Raphael, Christopher},
  booktitle={ISMIR},
  volume={2001},
  pages={99--107},
  year={2001}
}

@inproceedings{bib10,
  title={Rhythm transcription of MIDI performances based on hierarchical Bayesian modelling of repetition and modification of musical note patterns},
  author={Nakamura, Eita and Itoyama, Katsutoshi and Yoshii, Kazuyoshi},
  booktitle={2016 24th European Signal Processing Conference (EUSIPCO)},
  pages={1946--1950},
  year={2016},
  organization={IEEE}
}

@inproceedings{bib11,
  title={A system for machine recognition of music patterns},
  author={Coyle, Edward J and Shmulevich, Ilya},
  booktitle={Proceedings of the 1998 IEEE International Conference on Acoustics, Speech and Signal Processing, ICASSP'98 (Cat. No. 98CH36181)},
  volume={6},
  pages={3597--3600},
  year={1998},
  organization={IEEE}
}

@inproceedings{bib12,
  title={A Comparison of Rhythmic Similarity Measures.},
  author={Toussaint, Godfried T and others},
  booktitle={ISMIR},
  year={2004}
}

@inproceedings{bib13,
  title={Rhythmic similarity: A theoretical and empirical approach},
  author={Hofmann-Engl, Ludger},
  booktitle={Proceedings of the seventh international conference on music perception and cognition},
  pages={564--567},
  year={2002}
}

@article{bib14,
  title={Eranns: Efficient residual audio neural networks for audio pattern recognition},
  author={Verbitskiy, Sergey and Berikov, Vladimir and Vyshegorodtsev, Viacheslav},
  journal={Pattern Recognition Letters},
  volume={161},
  pages={38--44},
  year={2022},
  publisher={Elsevier}
}

@inproceedings{bib15,
  title={Deep-rhythm for tempo estimation and rhythm pattern recognition},
  author={Foroughmand, Hadrien and Peeters, Geoffroy},
  booktitle={International Society for Music Information Retrieval (ISMIR)},
  year={2019}
}

@article{bib16,
  title={МОДИФИКАЦИЯ ОДНОГО АЛГОРИТМА ОПРЕДЕЛЕНИЯ ТЕМПА МУЗЫКАЛЬНОЙ МЕЛОДИИ},
  author={Хачай, МЮ and Кобылкин, КС},
  journal={СОВРЕМЕННЫЕ ПРОБЛЕМЫ МАТЕМАТИКИ},
  pages={167}
}

@article{bib17,
  title={What is a hidden Markov model?},
  author={Eddy, Sean R},
  journal={Nature biotechnology},
  volume={22},
  number={10},
  pages={1315--1316},
  year={2004},
  publisher={Nature Publishing Group}
}

@article{bib18,
  title={РАСПОЗНАВАНИЕ МУЗЫКАЛЬНЫХ ФРАГМЕНТОВ, ПОДХОДЫ И НЮАНСЫ},
  author={Зацарин, Евгений Андреевич and Головин, Артём Валерьевич and Ульби, Тимур Валерьевич},
  journal={Актуальные научные исследования в современном мире},
  number={4-3},
  pages={45--48},
  year={2021},
  publisher={Общественная организация" Институт социальной трансформации"}
}

@book{bib19,
  title={An introduction to Markov processes},
  author={Stroock, Daniel W},
  volume={230},
  year={2013},
  publisher={Springer Science \& Business Media}
}

@article{bib20,
  title={Обзор современных средств и методов компьютерного транскрибирования музыки},
  author={Дудырев, ЕО},
  journal={Молодежный научно-технический вестник},
  number={6},
  pages={30--30},
  year={2017},
  publisher={Общероссийская общественная организация" Академия инженерных наук им. АМ~…}
}

@misc{bib21,
  title={Standard MIDI File Format},
  author={Caldwell, Dustin},
  year={1995}
}
}