@article{bib1,
  title={Linux Device Drivers},
  author={Jonathan Corbet, Alessandro Rubini, and Greg Kroah-Hartman},
  number={3},
  year={2005},
  publisher={O’Reilly Media}
}

@misc{bib2,
  title="DataReportal. Digital 2022 Global Digital Overview [Электронный ресурс]",
  howpublished="Режим доступа: \url{https://datareportal.com/reports/digital-2022-global-overview-report} (дата обращения: 13.01.2024)"
}

@inproceedings{bib3,
  title={Performance prediction for the apache kafka messaging system},
  author={Wu, Han and Shang, Zhihao and Wolter, Katinka},
  booktitle={2019 IEEE 21st International Conference on High Performance Computing and Communications; IEEE 17th International Conference on Smart City; IEEE 5th International Conference on Data Science and Systems (HPCC/SmartCity/DSS)},
  pages={154--161},
  year={2019},
  organization={IEEE}
}]

@article{bib4,
  title={РЕГУЛИРОВКА СИНХРОНИЗАЦИИ СТЕКА ДЛЯ ПОСЛЕДОВАТЕЛЬНОЙ СВЯЗИ},
  author={ХЕЙС, Пол Дж and ЭР, Крис Е},
  year={2019}
}

@article{bib5,
  title={Программный драйвер для работы с разными видами интерфейсов SPI},
  author={Сёмка, ЭВ and Буслаев, АБ and Овчаров, ВВ and Пирогов, АА and Гвозденко, СА},
  journal={Вопросы радиоэлектроники},
  volume={49},
  number={9},
  pages={38--45},
  year={2020}
}

@article{bib6,
  title={Особенности передачи данных по шине I2C},
  author={Ванройе, НК and Ечеистов, ВВ},
  journal={Аллея науки},
  volume={4},
  number={6},
  pages={289--293},
  year={2018},
  publisher={ИП Шелистов Денис Александрович (Издательский центр" Quantum")}
}

@article{bib7,
  title={Программная реализация интерфейса UART},
  author={Занина, ВА and Иванова, ЕА},
  journal={Современные научные исследования и разработки},
  volume={2},
  number={11},
  pages={269--270},
  year={2018},
  publisher={Научный центр" Олимп"}
}

@misc{bib8,
  title="Miscellaneous Character Drivers [Электронный ресурс]",
  howpublished="Режим доступа: \url{https://www.linuxjournal.com/article/2920} (дата обращения: 13.01.2024)"
}














