@article{bib1,
  title={Основные структуры данных и алгоритмы компиляции},
  author={М.А. Шамашов},
  journal={Учебное пособие},
  pages={5--6},
  year={1999},
  publisher={Самара: Научно внедренческая фирма “Сенсоры, модули, системы”}
}

@book{compilers,
  title={Compilers principles, techniques \& tools},
  author={Alfred, V Aho and Monica, S Lam and Jeffrey, D Ullman},
  year={2007},
  publisher={pearson Education}
}

@book{lesk1975lex,
  title={Lex: A lexical analyzer generator},
  author={Lesk, Michael E and Schmidt, Eric},
  volume={39},
  year={1975},
  publisher={Bell Laboratories Murray Hill, NJ}
}

@inproceedings{sampath2007test,
  title={How to test program generators? A case study using flex},
  author={Sampath, Prahladavaradan and Rajeev, AC and Shashidhar, KC and Ramesh, S},
  booktitle={Fifth IEEE International Conference on Software Engineering and Formal Methods (SEFM 2007)},
  year={2007},
  organization={IEEE}
}

@misc{parr2004s,
  title={What's ANTLR},
  author={Parr, Terence and Wells, Peter and Klaren, Ric and Craymer, Loring and Coker, Jim and Stanchfield, Scott and Mitchell, John and Flack, Chapman},
  year={2004}
}

@article{yacc,
  title={BISON the YACC-compatible parser generator},
  number={2},
  journal={Technical report},
  author={Donnelly C.},
  year={1988},
  publisher={Free Software Foundation}
}

@book{mossenbock2003compilergenerator,
  title={Der Compilergenerator Coco/R},
  author={M{\"o}ssenb{\"o}ck, Hanspeter and W{\"o}ss, Albrecht and L{\"o}berbauer, Markus},
  year={2003},
  publisher={na}
}

@book{sarda2015llvm,
  title={LLVM essentials},
  author={Sarda, Suyog and Pandey, Mayur},
  year={2015},
  publisher={Packt Publishing Ltd}
}















