@inproceedings{bib1,
  title={Шифрование Энигмой как один из исторических этапов развития криптографии},
  author={Точилкин, Михаил Владимирович},
  booktitle={Студенческая наука: современные реалии},
  pages={24--26},
  year={2017}
}

@article{bib2,
	author =       "Шолин, И. М. and Чубырь, Н. О.",
	title =        "АЛГОРИТМ ПЕРЕНОСНОЙ ШИФРОВАЛЬНОЙ МАШИНЫ
	ЭНИГМА.",
	journal =      "Форум молодых ученых",
	year =         "2018",
}

@misc{enigma,
	title="Программная реализация шифровальной машины «Энигма» на языке Си [Электронный ресурс]",
	howpublished="Режим доступа: \url{https://habr.com/ru/articles/721790/} (дата обращения: 28.09.2023)"
}